@misc{ pwnzer0tt1,
    author={Pwnzer0tt1},
    title={Pwnzer0tt1},
    howpublished="\url{https://pwnzer0tt1.it/}",
    note={Saw on 18/03/2025}
}